<?xml version="1.0" encoding="UTF-8"?><collection xmlns="http://www.loc.gov/MARC21/slim"><record><leader>00339nam--2200121-i-4500</leader><controlfield tag="001">000034397</controlfield><controlfield tag="002">20161230</controlfield><controlfield tag="005">20161230201040</controlfield><controlfield tag="008">060222s1000------------r-----000-0-eng-d</controlfield><datafield ind1=" " ind2=" " tag="245"><subfield code="a">Non-destructive testing in nuclear technology</subfield></datafield><datafield ind1=" " ind2=" " tag="260"><subfield code="a">Vienna, International Atomic Energy Agency, 1965, 392p</subfield></datafield><datafield ind1=" " ind2=" " tag="490"><subfield code="a">Proceedings Series</subfield></datafield><datafield ind1=" " ind2=" " tag="852"><subfield code="a">21915</subfield></datafield></record></collection>